<?xml version="1.0" encoding="utf-8"?>
<record xmlns="http://www.loc.gov/MARC21/slim" xmlns:xsi="http://www.w3.org/2001/XMLSchema-instance" xsi:schemaLocation="http://www.loc.gov/MARC21/slim http://www.loc.gov/standards/marcxml/schema/MARC21slim.xsd">
	<leader>     nam a22        4500</leader>
	<controlfield tag="001">b12312204</controlfield>
	<controlfield tag="003">LeBAU</controlfield>
	<controlfield tag="006">m        d        </controlfield>
	<controlfield tag="007">cr cn |||m|||a</controlfield>
	<controlfield tag="008">170131s1912    ua      o     ||0 0 ara d</controlfield>
	<datafield ind1=" " ind2=" " tag="040">
		<subfield code="a">NNU</subfield>
		<subfield code="b">ara</subfield>
		<subfield code="e">rda</subfield>
		<subfield code="c">NNU</subfield>
	</datafield>
	<datafield ind1="0" ind2="4" tag="082">
		<subfield code="a">232.963</subfield>
		<subfield code="2">20</subfield>
	</datafield>
	<datafield ind1="1" ind2=" " tag="100">
		<subfield code="6">880-01</subfield>
		<subfield code="a">Muḥammad Rashīd Riḍā,</subfield>
		<subfield code="d">1865-1935,</subfield>
		<subfield code="e">author.</subfield>
	</datafield>
	<datafield ind1="1" ind2="0" tag="245">
		<subfield code="6">880-02</subfield>
		<subfield code="a">‘Aqīdat al-salb wa-al-fidā’.</subfield>
	</datafield>
	<datafield ind1=" " ind2=" " tag="250">
		<subfield code="6">880-03</subfield>
		<subfield code="a">al-Ṭab‘ah al-ūlá.</subfield>
	</datafield>
	<datafield ind1=" " ind2="1" tag="264">
		<subfield code="6">880-04</subfield>
		<subfield code="a">Miṣr :</subfield>
		<subfield code="b">Maṭba‘at al-Manār,</subfield>
		<subfield code="c">1331 H., [1912? M.]</subfield>
	</datafield>
	<datafield ind1=" " ind2=" " tag="300">
		<subfield code="6">880-05</subfield>
		<subfield code="a">online resource (167 pages)</subfield>
	</datafield>
	<datafield ind1=" " ind2=" " tag="336">
		<subfield code="a">text</subfield>
		<subfield code="2">rdacontent</subfield>
	</datafield>
	<datafield ind1=" " ind2=" " tag="337">
		<subfield code="a">computer</subfield>
		<subfield code="2">rdamedia</subfield>
	</datafield>
	<datafield ind1=" " ind2=" " tag="338">
		<subfield code="a">online resource</subfield>
		<subfield code="2">rdacarrier</subfield>
	</datafield>
	<datafield ind1=" " ind2=" " tag="500">
		<subfield code="a">&quot;منقولة عن مجلة المنار&quot;</subfield>
	</datafield>
	<datafield ind1=" " ind2=" " tag="500">
		<subfield code="a">يضم الكتاب أيضا رسالة في قصة صلب المسيح وقيامته من الأموات لمحمد توفيق صدقي.</subfield>
	</datafield>
	<datafield ind1=" " ind2=" " tag="500">
		<subfield code="a">Part of the Arabic Collections Online (ACO) project, contributed by American University of Beirut's Jafet Memorial Library.</subfield>
	</datafield>
	<datafield ind1=" " ind2=" " tag="533">
		<subfield code="a">Electronic reproduction.</subfield>
		<subfield code="b">New York, N.Y. :</subfield>
		<subfield code="c">New York University,</subfield>
		<subfield code="d">2017.</subfield>
		<subfield code="5">NNU</subfield>
	</datafield>
	<datafield ind1="0" ind2="4" tag="600">
		<subfield code="a">يسوع المسيح</subfield>
		<subfield code="x">الصلب.</subfield>
	</datafield>
	<datafield ind1="0" ind2="0" tag="600">
		<subfield code="a">Jesus Christ</subfield>
		<subfield code="x">Crucifixion.</subfield>
	</datafield>
	<datafield ind1="1" ind2="2" tag="700">
		<subfield code="6">880-06</subfield>
		<subfield code="a">Ṣidqī, Muḥammad Tawfīq.</subfield>
		<subfield code="t">Naẓarīyatī fī ‘aqīdat ṣalb al-Masīḥ wa-qiyāmatihi min al-amwāt.</subfield>
	</datafield>
	<datafield ind1="2" ind2=" " tag="710">
		<subfield code="a">Jafet Memorial Library.</subfield>
	</datafield>
	<datafield ind1="0" ind2=" " tag="730">
		<subfield code="a">Arabic Collections Online.</subfield>
	</datafield>
	<datafield ind1="0" ind2="8" tag="776">
		<subfield code="i">Print version:</subfield>
		<subfield code="a">Muḥammad Rashīd Riḍā, 1865-1935, author.</subfield>
		<subfield code="t">‘Aqīdat al-salb wa-al-fidā’</subfield>
		<subfield code="w">(LeBAU)b12312204</subfield>
	</datafield>
	<datafield ind1="4" ind2="0" tag="856">
		<subfield code="u">http://hdl.handle.net/2333.1/n02v72g9</subfield>
	</datafield>
	<datafield ind1="1" ind2=" " tag="880">
		<subfield code="6">100-01/(3/r</subfield>
		<subfield code="a">محمد رشيد رضا،</subfield>
		<subfield code="d">1865-1935،</subfield>
		<subfield code="e">مؤلف. </subfield>
		<subfield code="4">aut.</subfield>
	</datafield>
	<datafield ind1="1" ind2="0" tag="880">
		<subfield code="6">245-02/(3/r</subfield>
		<subfield code="a">عقيدة الصلب و الفداء.</subfield>
	</datafield>
	<datafield ind1=" " ind2=" " tag="880">
		<subfield code="6">250-03/(3/r</subfield>
		<subfield code="a">الطبعة الأولى.</subfield>
	</datafield>
	<datafield ind1=" " ind2="1" tag="880">
		<subfield code="6">264-04/(3/r</subfield>
		<subfield code="a">مصر :</subfield>
		<subfield code="b">مطبعة المنار،</subfield>
		<subfield code="c">1331 هـ.، [1912؟ م.]</subfield>
	</datafield>
	<datafield ind1=" " ind2=" " tag="880">
		<subfield code="6">300-05/(3/r</subfield>
		<subfield code="a">167 صفحة ؛</subfield>
		<subfield code="c">16 سم</subfield>
	</datafield>
	<datafield ind1="1" ind2="2" tag="880">
		<subfield code="6">700-06/(3/r</subfield>
		<subfield code="a">صدقي، محمد توفيق.</subfield>
		<subfield code="t">نظريتي في عقيدة صلب المسيح وقيامته من الأموات.</subfield>
	</datafield>
	<datafield ind1=" " ind2=" " tag="959">
		<subfield code="a">NNU</subfield>
		<subfield code="b">WEB</subfield>
		<subfield code="c">GENI</subfield>
		<subfield code="t">0</subfield>
		<subfield code="m">Electronic access</subfield>
		<subfield code="s">01</subfield>
	</datafield>
	<datafield ind1=" " ind2=" " tag="999">
		<subfield code="i">LeBAU_b12312204</subfield>
		<subfield code="s">aub_aco000489</subfield>
		<subfield code="e">(ERROR-MISC)</subfield>
	</datafield>
</record>
